@article{vaswani2017attention,
  title={Attention is all you need},
  author={Vaswani, A},
  journal={Advances in Neural Information Processing Systems},
  year={2017}
}

@article{victor2019distilbert,
  author       = {Victor Sanh and
                  Lysandre Debut and
                  Julien Chaumond and
                  Thomas Wolf},
  title        = {DistilBERT, a distilled version of {BERT:} smaller, faster, cheaper
                  and lighter},
  journal      = {CoRR},
  volume       = {abs/1910.01108},
  year         = {2019},
  url          = {http://arxiv.org/abs/1910.01108},
  eprinttype    = {arXiv},
  eprint       = {1910.01108},
  timestamp    = {Tue, 02 Jun 2020 12:48:59 +0200},
  biburl       = {https://dblp.org/rec/journals/corr/abs-1910-01108.bib},
  bibsource    = {dblp computer science bibliography, https://dblp.org}
}


@article{jacob2018bert,
  author       = {Jacob Devlin and
                  Ming{-}Wei Chang and
                  Kenton Lee and
                  Kristina Toutanova},
  title        = {{BERT:} Pre-training of Deep Bidirectional Transformers for Language
                  Understanding},
  journal      = {CoRR},
  volume       = {abs/1810.04805},
  year         = {2018},
  url          = {http://arxiv.org/abs/1810.04805},
  eprinttype    = {arXiv},
  eprint       = {1810.04805},
  timestamp    = {Tue, 30 Oct 2018 20:39:56 +0100},
  biburl       = {https://dblp.org/rec/journals/corr/abs-1810-04805.bib},
  bibsource    = {dblp computer science bibliography, https://dblp.org}
}

@unpublished{spacy2,
    AUTHOR = {Honnibal, Matthew and Montani, Ines},
    TITLE  = {{spaCy 2}: Natural language understanding with {B}loom embeddings, convolutional neural networks and incremental parsing},
    YEAR   = {2017},
    Note   = {To appear}
}

@article{pedregosa2011scikit,
  title={Scikit-learn: Machine learning in Python},
  author={Pedregosa, Fabian and Varoquaux, Ga{\"e}l and Gramfort, Alexandre and Michel, Vincent and Thirion, Bertrand and Grisel, Olivier and Blondel, Mathieu and Prettenhofer, Peter and Weiss, Ron and Dubourg, Vincent and others},
  journal={Journal of machine learning research},
  volume={12},
  number={Oct},
  pages={2825--2830},
  year={2011}
}